<record xmlns:xsi="http://www.w3.org/2001/XMLSchema-instance" xmlns="http://www.loc.gov/MARC21/slim" xsi:schemaLocation="http://www.loc.gov/MARC21/slim http://www.loc.gov/standards/marcxml/schema/MARC21slim.xsd">

  <leader>00816nam a2200169Ia 4500</leader>
  <datafield tag="999" ind2=" " ind1=" ">
    <subfield code="c">1213</subfield>
    <subfield code="d">1213</subfield>
  </datafield>
  <controlfield tag="008">170510b1994    bl ||||| |||| 00| | spa d</controlfield>
  <datafield ind1=" " ind2=" " tag="090">
    <subfield code="a">01.01.04 </subfield>
    <subfield code="b">1861</subfield>
  </datafield>
  <datafield ind2=" " tag="100" ind1="1">
    <subfield code="a"> Azevedo Goldberg, María Amélia</subfield>
    <subfield code="9">2718</subfield>
    <subfield code="e">Compilador/a</subfield>
  </datafield>
  <datafield ind1="1" ind2="0" tag="245">
    <subfield code="a">Evaluación de programas educacionales: vicisitudes, controversias, desafíos</subfield>
  </datafield>
  <datafield ind2=" " tag="260" ind1=" ">
    <subfield code="a">Sao Paulo : </subfield>
    <subfield code="b">Editora Pedagógica e Universitaria Ltda, </subfield>
    <subfield code="c"> 1994</subfield>
  </datafield>
  <datafield tag="300" ind2=" " ind1=" ">
    <subfield code="a">151 páginas</subfield>
  </datafield>
  <datafield tag="500" ind2=" " ind1=" ">
    <subfield code="a">Esta es una traducción literal de la obra Avaliacao de programas educationals. Vicisistudes, controvérsias, desafíos, hecha por Rosemary Hernández Poveda, para el curso Teoría y Práctica de la Evaluación Curricular I. 1994</subfield>
  </datafield>
  <datafield tag="650" ind2="4" ind1="1">
    <subfield code="a">EVALUACIÓN DE PROGRAMAS</subfield>
    <subfield code="9">969</subfield>
  </datafield>
  <datafield ind1="1" ind2="4" tag="650">
    <subfield code="a">EDUCACIÓN</subfield>
    <subfield code="9">1</subfield>
  </datafield>
  <datafield ind2=" " tag="700" ind1="1">
    <subfield code="a">Prado de Souza, Clariza </subfield>
    <subfield code="e">Compilador/a</subfield>
    <subfield code="9">2719</subfield>
  </datafield>
  <datafield ind1=" " ind2=" " tag="942">
    <subfield code="2">z</subfield>
    <subfield code="c">01</subfield>
  </datafield>
</record>